@article{hopf1948, 
author = {Hopf, E.},
title = {A mathematical example displaying features of turbulence},
year = {1948},
journal = {Commun. Pure Appl. Math.}, 
volume = {1},
issue = {4},
pages = {59--62}
}

@article{moffatt1964,
  author = {Moffatt, H. K.}, 
  title = {Viscous and resistive eddies near a sharp corner},
  year = {1964},
  volume = {18},
  number = {1},
  publisher = {Cambridge University Press},
  journal = {Journal of Fluid Mechanics}, 
  pages = {1–18},
  doi = {10.1017/S0022112064000015}
}

@article{burggraf1966,
author = {Burggraf, Odus R.},
title = {Analytical and numerical studies of the structure of steady separated flows},
year = {1966},
publisher = {Cambridge University Press}, 
journal = {Journal of Fluid Mechanics}, 
volume = {24},
number = {1}, 
pages = {113–151},
doi = {10.1017/S0022112066000545} 
}

@article{koseff1985,
author = {J. R. Koseff  and R. L. Street },
title = {Circulation Structure in a Stratified Cavity Flow},
year = {1985},
journal = {Journal of Hydraulic Engineering},
volume = {111},
number = {2},
pages = {334-354},
doi = {10.1061/(ASCE)0733-9429(1985)111:2(334)},
}

@article{shen1991,
author = {Shen, J.},
title = {Hopf bifurcation of the unsteady regularized driven cavity flow},
year = {1991},
publisher = {Elsevier Science},
journal = {J. Comp. Phys.},
volume = {95},
issue = {1},
pages = {228--245},
doi = {10.1016/0021-9991(91)90261-i}
}

@article{kuhlmann1997,
author = {Kuhlmann, H. C. and Wanschura, M. and Rath, H. J.}, 
title = {Flow in two-sided lid-driven cavities: non-uniqueness,
         instabilities, and cellular structures},
year = {1997}, 
publisher={Cambridge University Press},
journal={Journal of Fluid Mechanics},
volume = {336},
pages = {267–299},
doi = {10.1017/S0022112096004727},
}

@article{botella1998,
author = {Botella, O. and Peyret, R.},
title = {Benchmark spectral results on the lid-driven cavity flow},
year = {1998},
publisher = {Elsevier Science},
journal = {Computers and Fluids},
volume = {27},
issue = {4},
pages = {421--433},
doi = {10.1016/s0045-7930(98)00002-4}
}

@article{wahba2009,
author = {E.M. Wahba},
title = {Multiplicity of states for two-sided and four-sided lid driven cavity flows},
year = {2009},
journal = {Computers \& Fluids},
volume = {38},
number = {2},
pages = {247-253},
doi = {https://doi.org/10.1016/j.compfluid.2008.02.001},
}

@article{eturk2009,
author = {Erturk, Ercan},
title = {Discussions on Driven Cavity Flow},
year = {2009},
month = {05},
journal = {International Journal for Numerical Methods in Fluids},
pages = {275 - 294},
volume = {60},
doi = {10.1002/fld.1887}
}

@article{perumal2011,
author = {D. {Arumuga Perumal} and Anoop K. Dass},
title = {Multiplicity of steady solutions in two-dimensional lid-driven cavity
         flows by Lattice Boltzmann Method},
year = {2011},
journal = {Computers \& Mathematics with Applications},
volume = {61},
number = {12},
pages = {3711-3721},
doi = {https://doi.org/10.1016/j.camwa.2010.03.053},
}

@article{cadou2012,
author = {Cadou, J.M. and Guevel, Yann and Girault, Gregory},
title = {Numerical tools for the stability analysis of 2D flows: application to the two and four-sided lid-driven cavity},
year = {2012},
month = {06},
pages = {},
journal = {Fluid Dynamics Research},
volume = {44},
doi = {10.1088/0169-5983/44/3/031403}
}

@article{chen2013,
author = {Chen, Kuen-Tsan and Tsai, Chih-Ching and Luo, Win-jet},
year = {2013},
month = {11},
title = {Multiplicity Flow Solutions in a Four-Sided Lid-Driven Cavity},
journal = {Applied Mechanics and Materials},
volume = {VOL.368},
pages = {pp. 615-618},
doi = {10.4028/www.scientific.net/AMM.368-370.838}
}

@article{lopez2017,
title = {Transition to complex dynamics in the cubic lid-driven cavity},
author = {Lopez, J. M. and Welfert, B. D. and Wu, K. and Yalim, J.},
year = {2017},
publisher = {American Physical Society},
journal = {Physical Review Fluids},
volume = {2},
issue = {7},
pages = {074401},
doi = {10.1103/PhysRevFluids.22.074401}
}

@article{bezanson2017,
author = {Bezanson, Jeff and Edelman, Alan and Karpinski, Stefan and Shah, Viral B},
title = {Julia: A fresh approach to numerical computing},
year = {2017},
journal = {SIAM review},
volume = {59},
number = {1},
pages = {65--98},
publisher = {SIAM},
url = {https://doi.org/10.1137/141000671}
}

@article{kuhlmann2019,
author = {Kuhlmann, Hendrik C and Roman{\`o}, Francesco},
title = {The lid-driven cavity},
year = {2019},
publisher = {Springer},
journal = {Computational Modelling of Bifurcations and Instabilities in Fluid Dynamics},
pages = {233--309}
}

@book{landau1987,
author = {Landau, L. D. and Lifshitz, E. M.},
title = {Fluid Mechanics, Second Edition: Volume 6 (Course of Theoretical Physics)},
year = {1987},
publisher = {Butterworth-Heinemann},
edition = {2},
isbn = {0750627670}
}

@book{trefethen2000,
author = {Trefethen, Lloyd Nick},
title = {Spectral Methods in MATLAB},
year = {2000},
publisher = {Society for Industrial and Applied Mathematics},
doi = {10.1137/1.9780898719598}
}

@book{boyd2001,
author = {Boyd, John P.},
title = {{Chebyshev} and {Fourier} Spectral Methods},
year = {2001},
publisher = {Dover Publications},
edition = {Second},
isbn = {0486411834 9780486411835},
}

@book{drazin2002,
author = {P. G. Drazin},
title = {Introduction to Hydrodynamic Stability},
year = {2002},
publisher = {Cambridge University Press}
}

@book{kuznetsov2004,
author = {Kuznetsov, Y. A.},
title = {Elements of Applied Bifurcation Theory, 3rd Ed.},
year = {2004},
publisher = {Springer-Verlag}
}

@book{canuto2006,
author = {Canuto, Claudio and Youssuff Hussaini, M. and Quarteroni Alfio and Zang Thomas A.},
title = {Spectral Methods: Fundamentals in Single Domains},
year = {2006},
publisher = {Springer-Verlag},
doi = {https://doi.org/10.1007/978-3-540-30726-6}
}

@book{meseguer2020,
author = {Meseguer, Álvaro},
title = {Fundamentals of Numerical Mathematics for Physicists and Engineers},
year = {2020},
publisher = {John Wiley \& Sons, Inc.},
edition = {},
doi = {10.1002/9781119425762}
}

@misc{veltz2020,
title = {{BifurcationKit.jl}},
author = {Veltz, Romain},
url = {https://hal.archives-ouvertes.fr/hal-02902346},
institution = {{Inria Sophia-Antipolis}},
year = {2020},
month = {Jul},
pdf = {https://hal.archives-ouvertes.fr/hal-02902346/file/354c9fb0d148262405609eed2cb7927818706f1f.tar.gz},
hal_id = {hal-02902346},
hal_version = {v1},
}
